@book{zucchini09,
    author = "Walter Zucchini and Iain L. MacDonald",
    title = "Hidden Markov Models for Time Series",
    year = "2009",
    publisher = "Chapman \& Hall/CRC",
    edition = "1st"
}
